Region,Product_Category,Product_Type,Month,Revenue,Discount,Shipping_Cost,Orders
AFRICA,APPAREL,JACKETS & VESTS,2023-05,2862,200.34,306,18
AFRICA,APPAREL,JACKETS & VESTS,2023-06,300,27,114,6
AFRICA,APPAREL,JACKETS & VESTS,2023-09,2540,152.4,240,20
AFRICA,APPAREL,OTHER,2021-09,1704,17.04,264,24
AFRICA,APPAREL,OTHER,2022-07,390,54.6,360,30
AFRICA,APPAREL,OTHER,2024-11,1200,48,128,16
AFRICA,APPAREL,PANTS & SHORTS,2022-07,3610,469.3,380,38
AFRICA,APPAREL,PANTS & SHORTS,2022-08,1032,92.88,144,12
AFRICA,APPAREL,PANTS & SHORTS,2022-11,480,52.8,28,4
AFRICA,APPAREL,SHIRTS,2024-05,1520,30.4,440,40
AFRICA,APPAREL,TOPS,2022-03,540,0,600,30
AFRICA,APPAREL,TOPS,2022-11,364,7.28,84,14
AFRICA,APPAREL,TOPS,2023-11,738,103.32,360,18
AFRICA,APPAREL,TOPS,2024-01,1320,105.6,220,22
AFRICA,APPAREL,UNDERWEAR & BASE LAYERS,2021-06,336,13.44,304,16
AFRICA,CAMPING & HIKING,BIVYS,2024-07,3280,492,280,20
AFRICA,CAMPING & HIKING,COOKWARE,2022-04,1830,18.3,360,30
AFRICA,CAMPING & HIKING,DAYPACKS,2022-01,2324,162.68,448,28
AFRICA,CAMPING & HIKING,DAYPACKS,2024-09,1560,187.2,416,26
AFRICA,CAMPING & HIKING,EXTENDED TRIP PACKS,2021-07,15162,1364.58,608,38
AFRICA,CAMPING & HIKING,FAMILY CAMPING TENTS,2022-06,6516,586.44,180,18
AFRICA,CAMPING & HIKING,HAMMOCKS,2021-01,1470,176.4,130,10
AFRICA,CAMPING & HIKING,HAMMOCKS,2024-02,2520,126,640,40
AFRICA,CAMPING & HIKING,HYDRATION PACKS,2021-05,588,58.8,114,6
AFRICA,CAMPING & HIKING,HYDRATION PACKS,2022-11,3136,376.32,140,28
AFRICA,CAMPING & HIKING,HYDRATION PACKS,2023-02,2268,226.8,180,36
AFRICA,CAMPING & HIKING,LINERS,2021-08,66,9.24,114,6
AFRICA,CAMPING & HIKING,LINERS,2022-03,288,43.2,234,18
AFRICA,CAMPING & HIKING,OTHER,2021-05,192,5.76,68,4
AFRICA,CAMPING & HIKING,OTHER,2021-12,920,27.6,70,10
AFRICA,CAMPING & HIKING,OTHER,2023-08,224,33.6,72,8
AFRICA,CAMPING & HIKING,OTHER,2024-01,136,17.68,80,4
AFRICA,CAMPING & HIKING,SHELTERS & TARPS,2024-09,270,35.1,14,2
AFRICA,CAMPING & HIKING,SLEEPING PADS,2022-07,2320,92.8,520,40
AFRICA,CAMPING & HIKING,STOVES,2022-10,900,18,220,20
AFRICA,CAMPING & HIKING,STOVES,2023-12,176,19.36,112,8
AFRICA,CAMPING & HIKING,UTENSILS & ACCESSORIES,2022-08,592,35.52,240,16
AFRICA,CAMPING & HIKING,UTENSILS & ACCESSORIES,2024-12,380,7.6,50,10
AFRICA,CLIMBING,CARABINERS & QUICKDRAWS,2021-01,10,0,14,2
AFRICA,CLIMBING,CARABINERS & QUICKDRAWS,2023-06,310,0,80,10
AFRICA,CLIMBING,CLIMBING SHOES,2022-06,1520,182.4,72,8
AFRICA,CLIMBING,CLIMBING SHOES,2023-03,1044,93.96,144,12
AFRICA,CLIMBING,CLIMBING SHOES,2024-05,3938,157.52,352,22
AFRICA,CLIMBING,CRAMPONS,2022-11,1092,0,120,6
AFRICA,CLIMBING,HARNESSES,2021-11,468,51.48,72,6
AFRICA,CLIMBING,HELMETS,2022-03,3750,337.5,330,30
AFRICA,CLIMBING,HELMETS,2022-08,498,14.94,66,6
AFRICA,CLIMBING,ICE AXES,2022-09,396,11.88,80,4
AFRICA,CLIMBING,ICE AXES,2023-01,5940,297,200,20
AFRICA,CLIMBING,ICE AXES,2023-10,5100,663,306,34
AFRICA,CLIMBING,MOUNTAINEERING BOOTS,2022-10,4410,0,130,10
AFRICA,CLIMBING,MOUNTAINEERING BOOTS,2024-06,4752,522.72,408,24
AFRICA,CLIMBING,ROPES & SLINGS,2023-05,4818,48.18,308,22
AFRICA,CLIMBING,TRAINING EQUIPMENT,2021-02,1148,137.76,168,28
AFRICA,CLIMBING,TRAINING EQUIPMENT,2024-11,2028,202.8,234,26
AFRICA,FOOTWEAR,HIKING BOOTS,2021-12,1220,122,340,20
AFRICA,FOOTWEAR,HIKING BOOTS,2022-02,3168,285.12,306,18
AFRICA,FOOTWEAR,HIKING BOOTS,2023-02,1400,168,238,14
AFRICA,FOOTWEAR,HIKING BOOTS,2023-11,6570,394.2,450,30
AFRICA,FOOTWEAR,OTHER,2021-02,1488,29.76,112,16
AFRICA,FOOTWEAR,OTHER,2021-07,1920,134.4,352,32
AFRICA,FOOTWEAR,OTHER,2021-12,164,21.32,32,4
AFRICA,FOOTWEAR,OTHER,2022-09,2360,236,560,40
AFRICA,FOOTWEAR,SANDALS,2021-03,660,13.2,374,22
AFRICA,FOOTWEAR,SANDALS,2021-04,1584,63.36,456,24
AFRICA,FOOTWEAR,SANDALS,2021-12,396,27.72,120,12
AFRICA,FOOTWEAR,SANDALS,2022-07,900,90,400,20
AFRICA,FOOTWEAR,SANDALS,2022-09,330,0,90,6
AFRICA,FOOTWEAR,SANDALS,2023-06,1380,27.6,300,30
AFRICA,FOOTWEAR,SANDALS,2023-07,950,28.5,608,38
AFRICA,FOOTWEAR,TRAIL SHOES,2022-02,940,47,80,10
AFRICA,FOOTWEAR,TRAIL SHOES,2022-06,1778,124.46,140,14
AFRICA,FOOTWEAR,TRAIL SHOES,2023-06,4560,684,380,38
AFRICA,FOOTWEAR,WINTER BOOTS,2023-05,3990,518.7,450,30
AFRICA,FOOTWEAR,WINTER BOOTS,2023-09,6000,480,420,30
AFRICA,TRAVEL,DUFFEL BAGS,2021-05,3944,0,612,34
AFRICA,TRAVEL,DUFFEL BAGS,2023-08,816,106.08,320,16
AFRICA,TRAVEL,OTHER,2022-12,170,1.7,90,10
AFRICA,TRAVEL,OTHER,2024-01,1600,224,720,40
AFRICA,TRAVEL,PACKING ORGANIZERS,2021-05,630,31.5,84,14
AFRICA,TRAVEL,PACKING ORGANIZERS,2022-05,928,102.08,544,32
AFRICA,TRAVEL,PACKING ORGANIZERS,2024-03,1530,61.2,578,34
AFRICA,TRAVEL,PACKING ORGANIZERS,2024-07,1710,256.5,418,38
AFRICA,TRAVEL,SECURITY,2021-12,3200,416,480,32
AFRICA,TRAVEL,TRAVEL ACCESSORIES,2021-01,696,41.76,168,24
AFRICA,TRAVEL,TRAVEL ACCESSORIES,2021-08,354,17.7,30,6
AFRICA,TRAVEL,TRAVEL ACCESSORIES,2022-02,198,13.86,216,18
AFRICA,TRAVEL,TRAVEL ACCESSORIES,2023-04,828,0,72,12
AFRICA,TRAVEL,TRAVEL ACCESSORIES,2023-05,1088,130.56,646,34
AFRICA,TRAVEL,TRAVEL BACKPACKS,2021-05,570,28.5,190,10
AFRICA,TRAVEL,TRAVEL BACKPACKS,2022-07,3078,338.58,306,18
AFRICA,TRAVEL,TRAVEL PILLOWS,2022-03,840,117.6,448,28
AFRICA,WATER SPORTS,ACCESSORIES,2021-07,1008,30.24,392,28
AFRICA,WATER SPORTS,ACCESSORIES,2021-10,812,32.48,280,28
AFRICA,WATER SPORTS,ACCESSORIES,2023-05,1876,225.12,364,28
AFRICA,WATER SPORTS,ACCESSORIES,2024-05,1406,14.06,684,38
AFRICA,WATER SPORTS,ACCESSORIES,2024-06,2236,178.88,156,26
AFRICA,WATER SPORTS,CANOES,2022-10,21860,874.4,160,20
AFRICA,WATER SPORTS,KAYAKS,2021-01,2148,85.92,90,6
AFRICA,WATER SPORTS,KAYAKS,2021-03,22542,2479.62,306,34
AFRICA,WATER SPORTS,KAYAKS,2023-03,11240,899.2,180,20
AFRICA,WATER SPORTS,KAYAKS,2024-02,22308,223.08,182,26
AFRICA,WATER SPORTS,OTHER,2022-03,1344,26.88,264,24
AFRICA,WATER SPORTS,OTHER,2023-04,2720,244.8,576,32
AFRICA,WATER SPORTS,OTHER,2024-10,660,0,352,22
AFRICA,WATER SPORTS,PADDLES,2021-12,512,56.32,152,8
AFRICA,WATER SPORTS,RASH GUARDS,2022-05,1482,222.3,338,26
AFRICA,WATER SPORTS,RASH GUARDS,2023-11,1200,108,600,30
AFRICA,WATER SPORTS,RASH GUARDS,2024-01,244,14.64,20,4
AFRICA,WATER SPORTS,RODS & REELS,2024-01,1704,170.4,408,24
AFRICA,WATER SPORTS,SAFETY GEAR,2023-04,884,61.88,416,26
AFRICA,WATER SPORTS,SURF ACCESSORIES,2021-10,1034,72.38,176,22
AFRICA,WATER SPORTS,SURF ACCESSORIES,2024-06,1590,206.7,420,30
AFRICA,WATER SPORTS,SURF ACCESSORIES,2024-07,320,48,192,32
AFRICA,WATER SPORTS,SURFBOARDS,2021-10,2860,228.8,28,4
AFRICA,WATER SPORTS,SURFBOARDS,2022-03,4668,280.08,54,6
AFRICA,WATER SPORTS,SURFBOARDS,2024-07,11880,356.4,570,30
AFRICA,WATER SPORTS,WADERS,2023-04,5984,359.04,576,32
AFRICA,WATER SPORTS,WETSUITS,2023-01,3232,193.92,176,16
AFRICA,WATER SPORTS,WETSUITS,2024-02,3640,182,140,14
AFRICA,WINTER SPORTS,ACCESSORIES,2022-11,1184,130.24,208,16
AFRICA,WINTER SPORTS,HELMETS,2023-10,752,0,288,16
AFRICA,WINTER SPORTS,OTHER,2021-02,1204,0,126,14
AFRICA,WINTER SPORTS,OTHER,2022-09,1088,21.76,480,32
AFRICA,WINTER SPORTS,OTHER,2024-10,56,2.24,32,2
AFRICA,WINTER SPORTS,POLES,2024-04,1456,72.8,532,28
AFRICA,WINTER SPORTS,POLES,2024-09,2318,46.36,722,38
AFRICA,WINTER SPORTS,SKI BINDINGS,2023-07,5148,463.32,364,26
AFRICA,WINTER SPORTS,SKI BOOTS,2021-01,15314,918.84,418,38
AFRICA,WINTER SPORTS,SKI BOOTS,2022-09,7120,142.4,760,40
AFRICA,WINTER SPORTS,SKI POLES,2021-11,2044,122.64,364,28
AFRICA,WINTER SPORTS,SKI POLES,2022-10,1284,64.2,180,12
AFRICA,WINTER SPORTS,SKI POLES,2023-04,2064,123.84,312,24
AFRICA,WINTER SPORTS,SKI POLES,2024-03,3960,158.4,432,36
AFRICA,WINTER SPORTS,SKIS,2022-02,13944,1952.16,196,28
AFRICA,WINTER SPORTS,SNOWBOARD BOOTS,2021-06,1520,0,72,8
AFRICA,WINTER SPORTS,SNOWBOARD BOOTS,2022-03,2442,97.68,132,22
AFRICA,WINTER SPORTS,SNOWBOARDS,2023-12,7300,365,200,20
AFRICA,WINTER SPORTS,SNOWSHOES,2023-02,3904,195.2,256,32
ASIA-PACIFIC,APPAREL,JACKETS & VESTS,2021-01,7200,864,440,40
ASIA-PACIFIC,APPAREL,JACKETS & VESTS,2023-04,3234,64.68,330,22
ASIA-PACIFIC,APPAREL,OTHER,2024-01,1584,15.84,286,22
ASIA-PACIFIC,APPAREL,PANTS & SHORTS,2021-12,212,29.68,28,4
ASIA-PACIFIC,APPAREL,PANTS & SHORTS,2022-02,1254,0,570,38
ASIA-PACIFIC,APPAREL,PANTS & SHORTS,2022-04,2054,123.24,416,26
ASIA-PACIFIC,APPAREL,SHIRTS,2021-10,1140,102.6,380,38
ASIA-PACIFIC,APPAREL,SHIRTS,2022-07,2160,172.8,150,30
ASIA-PACIFIC,APPAREL,TOPS,2021-07,1944,0,468,36
ASIA-PACIFIC,APPAREL,TOPS,2021-12,1192,20.32,138,24
ASIA-PACIFIC,APPAREL,TOPS,2024-06,80,1.6,28,4
ASIA-PACIFIC,APPAREL,UNDERWEAR & BASE LAYERS,2021-04,896,8.96,308,28
ASIA-PACIFIC,APPAREL,UNDERWEAR & BASE LAYERS,2022-03,676,6.76,156,26
ASIA-PACIFIC,APPAREL,UNDERWEAR & BASE LAYERS,2023-11,1428,99.96,442,34
ASIA-PACIFIC,APPAREL,UNDERWEAR & BASE LAYERS,2024-11,2172,97.76,774,46
ASIA-PACIFIC,CAMPING & HIKING,BACKPACKING TENTS,2022-03,9462,1419.3,304,38
ASIA-PACIFIC,CAMPING & HIKING,BIVYS,2024-01,1520,182.4,300,20
ASIA-PACIFIC,CAMPING & HIKING,COOKWARE,2023-03,992,109.12,272,16
ASIA-PACIFIC,CAMPING & HIKING,COOKWARE,2024-05,138,16.56,66,6
ASIA-PACIFIC,CAMPING & HIKING,FAMILY CAMPING TENTS,2022-06,12288,1105.92,288,16
ASIA-PACIFIC,CAMPING & HIKING,FAMILY CAMPING TENTS,2022-08,2470,123.5,160,10
ASIA-PACIFIC,CAMPING & HIKING,FOOD & NUTRITION,2022-03,294,35.28,280,14
ASIA-PACIFIC,CAMPING & HIKING,HAMMOCKS,2021-10,278,0,20,2
ASIA-PACIFIC,CAMPING & HIKING,LINERS,2023-09,690,41.4,390,30
ASIA-PACIFIC,CAMPING & HIKING,OTHER,2022-12,98,1.96,112,14
ASIA-PACIFIC,CAMPING & HIKING,OVERNIGHT PACKS,2021-12,4780,621.4,120,20
ASIA-PACIFIC,CAMPING & HIKING,SHELTERS & TARPS,2021-06,2492,24.92,266,14
ASIA-PACIFIC,CAMPING & HIKING,SLEEPING PADS,2024-06,3146,471.9,208,26
ASIA-PACIFIC,CAMPING & HIKING,UTENSILS & ACCESSORIES,2024-11,1120,112,400,40
ASIA-PACIFIC,CLIMBING,AVALANCHE SAFETY,2022-06,912,27.36,56,4
ASIA-PACIFIC,CLIMBING,AVALANCHE SAFETY,2024-11,1456,160.16,48,8
ASIA-PACIFIC,CLIMBING,CARABINERS & QUICKDRAWS,2024-11,1008,80.64,216,36
ASIA-PACIFIC,CLIMBING,CHALK & CHALK BAGS,2021-05,728,58.24,364,28
ASIA-PACIFIC,CLIMBING,CHALK & CHALK BAGS,2021-08,42,0.84,16,2
ASIA-PACIFIC,CLIMBING,CHALK & CHALK BAGS,2022-05,468,37.44,180,36
ASIA-PACIFIC,CLIMBING,CHALK & CHALK BAGS,2023-05,60,0.6,228,12
ASIA-PACIFIC,CLIMBING,CLIMBING SHOES,2024-04,5920,651.2,384,32
ASIA-PACIFIC,CLIMBING,CRAMPONS,2021-08,11432,577.96,580,48
ASIA-PACIFIC,CLIMBING,CRAMPONS,2022-10,4824,337.68,108,18
ASIA-PACIFIC,CLIMBING,CRAMPONS,2023-02,478,57.36,28,2
ASIA-PACIFIC,CLIMBING,CRAMPONS,2024-11,1278,0,66,6
ASIA-PACIFIC,CLIMBING,HARNESSES,2022-06,5644,620.84,374,34
ASIA-PACIFIC,CLIMBING,HARNESSES,2024-10,4368,393.12,494,26
ASIA-PACIFIC,CLIMBING,HELMETS,2022-02,1152,115.2,48,8
ASIA-PACIFIC,CLIMBING,HELMETS,2022-07,510,61.2,120,6
ASIA-PACIFIC,CLIMBING,ICE AXES,2023-05,1464,43.92,72,6
ASIA-PACIFIC,CLIMBING,MOUNTAINEERING BOOTS,2023-04,2140,321,110,10
ASIA-PACIFIC,CLIMBING,MOUNTAINEERING BOOTS,2023-05,3160,31.6,48,8
ASIA-PACIFIC,CLIMBING,MOUNTAINEERING BOOTS,2024-12,4920,541.2,240,24
ASIA-PACIFIC,CLIMBING,OTHER,2021-11,638,25.52,286,22
ASIA-PACIFIC,CLIMBING,OTHER,2024-01,1472,88.32,640,32
ASIA-PACIFIC,CLIMBING,OTHER,2024-08,300,33,120,12
ASIA-PACIFIC,CLIMBING,ROPES & SLINGS,2021-09,1092,109.2,84,14
ASIA-PACIFIC,CLIMBING,ROPES & SLINGS,2022-05,8420,379.04,652,40
ASIA-PACIFIC,CLIMBING,ROPES & SLINGS,2022-10,4620,46.2,336,28
ASIA-PACIFIC,CLIMBING,ROPES & SLINGS,2022-11,924,92.4,40,4
ASIA-PACIFIC,CLIMBING,ROPES & SLINGS,2024-03,840,92.4,68,4
ASIA-PACIFIC,CLIMBING,TRAINING EQUIPMENT,2023-04,3842,76.84,476,34
ASIA-PACIFIC,CLIMBING,TRAINING EQUIPMENT,2023-11,1144,160.16,286,22
ASIA-PACIFIC,FOOTWEAR,HIKING BOOTS,2022-10,5206,364.42,684,38
ASIA-PACIFIC,FOOTWEAR,OTHER,2021-09,450,13.5,36,6
ASIA-PACIFIC,FOOTWEAR,OTHER,2022-07,970,145.5,120,10
ASIA-PACIFIC,FOOTWEAR,OTHER,2023-09,282,33.84,72,6
ASIA-PACIFIC,FOOTWEAR,OTHER,2023-10,4190,316.1,310,62
ASIA-PACIFIC,FOOTWEAR,OTHER,2023-12,1012,20.24,352,22
ASIA-PACIFIC,FOOTWEAR,SANDALS,2021-03,2760,138,480,40
ASIA-PACIFIC,FOOTWEAR,SANDALS,2022-04,748,112.2,352,22
ASIA-PACIFIC,FOOTWEAR,SANDALS,2023-04,1118,67.08,312,26
ASIA-PACIFIC,FOOTWEAR,SANDALS,2023-12,1272,101.76,336,24
ASIA-PACIFIC,FOOTWEAR,SANDALS,2024-07,160,4.8,38,2
ASIA-PACIFIC,FOOTWEAR,SANDALS,2024-11,728,101.92,266,14
ASIA-PACIFIC,FOOTWEAR,TRAIL SHOES,2023-04,3810,457.2,600,30
ASIA-PACIFIC,FOOTWEAR,TRAIL SHOES,2023-05,954,19.08,108,18
ASIA-PACIFIC,FOOTWEAR,TRAIL SHOES,2023-06,2948,324.28,308,22
ASIA-PACIFIC,FOOTWEAR,TRAIL SHOES,2024-05,3810,381,510,30
ASIA-PACIFIC,FOOTWEAR,WINTER BOOTS,2022-03,374,41.14,32,2
ASIA-PACIFIC,FOOTWEAR,WINTER BOOTS,2023-10,4932,394.56,684,36
ASIA-PACIFIC,FOOTWEAR,WINTER BOOTS,2024-12,588,11.76,48,4
ASIA-PACIFIC,TRAVEL,CARRY-ONS,2021-03,2144,128.64,608,32
ASIA-PACIFIC,TRAVEL,CARRY-ONS,2021-09,3080,154,352,22
ASIA-PACIFIC,TRAVEL,CARRY-ONS,2021-12,3584,179.2,192,32
ASIA-PACIFIC,TRAVEL,CARRY-ONS,2023-09,108,7.56,30,2
ASIA-PACIFIC,TRAVEL,CARRY-ONS,2024-10,3476,69.52,264,22
ASIA-PACIFIC,TRAVEL,DUFFEL BAGS,2021-11,1704,68.16,456,24
ASIA-PACIFIC,TRAVEL,DUFFEL BAGS,2022-10,1634,32.68,760,38
ASIA-PACIFIC,TRAVEL,DUFFEL BAGS,2022-11,1776,142.08,408,24
ASIA-PACIFIC,TRAVEL,EYE MASKS,2022-09,256,38.4,384,32
ASIA-PACIFIC,TRAVEL,EYE MASKS,2023-12,360,36,180,36
ASIA-PACIFIC,TRAVEL,EYE MASKS,2024-06,788,100.2,300,48
ASIA-PACIFIC,TRAVEL,EYE MASKS,2024-11,504,60.48,336,28
ASIA-PACIFIC,TRAVEL,OTHER,2021-11,1440,172.8,600,40
ASIA-PACIFIC,TRAVEL,OTHER,2023-08,700,0,224,28
ASIA-PACIFIC,TRAVEL,OTHER,2024-01,544,59.84,408,34
ASIA-PACIFIC,TRAVEL,PACKING ORGANIZERS,2021-03,186,27.9,30,6
ASIA-PACIFIC,TRAVEL,PACKING ORGANIZERS,2021-07,624,0,336,24
ASIA-PACIFIC,TRAVEL,PACKING ORGANIZERS,2022-04,216,21.6,60,12
ASIA-PACIFIC,TRAVEL,PACKING ORGANIZERS,2024-12,1000,90,160,20
ASIA-PACIFIC,TRAVEL,SECURITY,2021-06,318,9.54,54,6
ASIA-PACIFIC,TRAVEL,SECURITY,2023-11,1552,124.16,192,16
ASIA-PACIFIC,TRAVEL,SECURITY,2023-12,468,70.2,216,36
ASIA-PACIFIC,TRAVEL,TRAVEL ACCESSORIES,2022-02,600,30,228,12
ASIA-PACIFIC,TRAVEL,TRAVEL ACCESSORIES,2022-12,2774,332.88,228,38
ASIA-PACIFIC,TRAVEL,TRAVEL ACCESSORIES,2023-04,448,58.24,544,32
ASIA-PACIFIC,TRAVEL,TRAVEL ACCESSORIES,2024-02,1504,30.08,288,32
ASIA-PACIFIC,TRAVEL,TRAVEL ACCESSORIES,2024-04,672,13.44,160,32
ASIA-PACIFIC,TRAVEL,TRAVEL ACCESSORIES,2024-05,690,20.7,300,30
ASIA-PACIFIC,TRAVEL,TRAVEL BACKPACKS,2022-04,4216,0,476,34
ASIA-PACIFIC,TRAVEL,TRAVEL BACKPACKS,2023-02,1740,104.4,320,20
ASIA-PACIFIC,TRAVEL,TRAVEL PILLOWS,2021-10,1000,150,760,40
ASIA-PACIFIC,TRAVEL,TRAVEL PILLOWS,2022-12,560,0,420,28
ASIA-PACIFIC,WATER SPORTS,ACCESSORIES,2021-01,2112,126.72,374,22
ASIA-PACIFIC,WATER SPORTS,CANOES,2021-06,13128,1575.36,384,24
ASIA-PACIFIC,WATER SPORTS,CANOES,2024-04,35640,3920.4,240,30
ASIA-PACIFIC,WATER SPORTS,OTHER,2021-10,104,6.24,28,4
ASIA-PACIFIC,WATER SPORTS,OTHER,2022-11,84,9.24,48,4
ASIA-PACIFIC,WATER SPORTS,PADDLES,2021-02,1800,144,180,36
ASIA-PACIFIC,WATER SPORTS,PADDLES,2021-05,1044,41.76,360,36
ASIA-PACIFIC,WATER SPORTS,PADDLES,2022-04,2232,0,240,24
ASIA-PACIFIC,WATER SPORTS,RASH GUARDS,2024-05,1312,170.56,608,32
ASIA-PACIFIC,WATER SPORTS,RODS & REELS,2022-12,1914,95.7,330,22
ASIA-PACIFIC,WATER SPORTS,RODS & REELS,2024-01,2492,323.96,336,28
ASIA-PACIFIC,WATER SPORTS,RODS & REELS,2024-11,1080,162,216,24
ASIA-PACIFIC,WATER SPORTS,SAFETY GEAR,2024-03,294,5.88,168,14
ASIA-PACIFIC,WATER SPORTS,SURF ACCESSORIES,2022-07,294,11.76,266,14
ASIA-PACIFIC,WATER SPORTS,TACKLE,2024-08,84,6.72,56,4
ASIA-PACIFIC,WATER SPORTS,WADERS,2023-09,1740,156.6,140,20
ASIA-PACIFIC,WATER SPORTS,WETSUITS,2021-02,650,58.5,120,10
ASIA-PACIFIC,WATER SPORTS,WETSUITS,2024-05,9756,97.56,252,36
ASIA-PACIFIC,WINTER SPORTS,ACCESSORIES,2021-02,1760,70.4,418,22
ASIA-PACIFIC,WINTER SPORTS,ACCESSORIES,2023-08,212,6.36,56,4
ASIA-PACIFIC,WINTER SPORTS,ACCESSORIES,2023-11,76,6.84,26,2
ASIA-PACIFIC,WINTER SPORTS,BINDINGS,2022-03,11210,112.1,456,38
ASIA-PACIFIC,WINTER SPORTS,HELMETS,2021-05,262,0,36,2
ASIA-PACIFIC,WINTER SPORTS,HELMETS,2022-09,1340,13.4,150,10
ASIA-PACIFIC,WINTER SPORTS,HELMETS,2024-04,3874,38.74,130,26
ASIA-PACIFIC,WINTER SPORTS,OTHER,2024-10,3080,30.8,720,40
ASIA-PACIFIC,WINTER SPORTS,SKI BINDINGS,2021-10,5240,786,220,20
ASIA-PACIFIC,WINTER SPORTS,SKI BINDINGS,2022-04,9180,1377,544,34
ASIA-PACIFIC,WINTER SPORTS,SKI BINDINGS,2022-05,2508,25.08,156,12
ASIA-PACIFIC,WINTER SPORTS,SKI BINDINGS,2022-12,1960,156.8,160,10
ASIA-PACIFIC,WINTER SPORTS,SKI BINDINGS,2024-09,11840,1539.2,600,40
ASIA-PACIFIC,WINTER SPORTS,SKI BOOTS,2022-01,4598,597.74,308,22
ASIA-PACIFIC,WINTER SPORTS,SKI BOOTS,2024-06,2410,168.7,140,10
ASIA-PACIFIC,WINTER SPORTS,SKI POLES,2022-08,2880,288,200,40
ASIA-PACIFIC,WINTER SPORTS,SKI POLES,2022-11,3760,263.2,760,40
ASIA-PACIFIC,WINTER SPORTS,SKIS,2021-10,25812,1806.84,684,36
ASIA-PACIFIC,WINTER SPORTS,SKIS,2022-09,15384,2307.6,192,24
ASIA-PACIFIC,WINTER SPORTS,SKIS,2023-03,21588,3022.32,224,28
ASIA-PACIFIC,WINTER SPORTS,SKIS,2024-11,6468,323.4,168,14
ASIA-PACIFIC,WINTER SPORTS,SNOWBOARD BOOTS,2021-06,2000,260,320,16
ASIA-PACIFIC,WINTER SPORTS,SNOWBOARD BOOTS,2022-12,532,47.88,22,2
ASIA-PACIFIC,WINTER SPORTS,SNOWBOARDS,2021-07,7196,647.64,224,14
ASIA-PACIFIC,WINTER SPORTS,SNOWBOARDS,2024-03,19584,1958.4,608,32
ASIA-PACIFIC,WINTER SPORTS,SNOWBOARDS,2024-12,25772,3865.8,646,34
EUROPE,APPAREL,JACKETS & VESTS,2021-03,936,28.08,360,18
EUROPE,APPAREL,JACKETS & VESTS,2021-08,5130,51.3,266,38
EUROPE,APPAREL,JACKETS & VESTS,2024-02,702,70.2,48,6
EUROPE,APPAREL,OTHER,2022-11,1416,99.12,144,24
EUROPE,APPAREL,OTHER,2023-08,210,8.4,80,10
EUROPE,APPAREL,OTHER,2023-09,1780,17.8,320,20
EUROPE,APPAREL,OTHER,2024-11,240,0,88,8
EUROPE,APPAREL,PANTS & SHORTS,2021-01,2400,336,216,24
EUROPE,APPAREL,PANTS & SHORTS,2022-06,392,50.96,48,8
EUROPE,APPAREL,SHIRTS,2021-06,100,9,26,2
EUROPE,APPAREL,TOPS,2021-04,1260,176.4,280,28
EUROPE,APPAREL,TOPS,2022-07,640,70.4,240,16
EUROPE,APPAREL,TOPS,2023-07,754,15.08,442,26
EUROPE,APPAREL,UNDERWEAR & BASE LAYERS,2022-04,1316,0,224,28
EUROPE,APPAREL,UNDERWEAR & BASE LAYERS,2023-12,196,7.84,64,4
EUROPE,APPAREL,UNDERWEAR & BASE LAYERS,2024-06,900,54,510,30
EUROPE,CAMPING & HIKING,BACKPACKING TENTS,2022-07,4920,0,180,12
EUROPE,CAMPING & HIKING,BIVYS,2024-12,3624,0,360,24
EUROPE,CAMPING & HIKING,COOKWARE,2022-07,3796,303.68,442,26
EUROPE,CAMPING & HIKING,EXTENDED TRIP PACKS,2023-03,2376,118.8,120,6
EUROPE,CAMPING & HIKING,FAMILY CAMPING TENTS,2022-08,30760,3383.6,480,40
EUROPE,CAMPING & HIKING,HAMMOCKS,2021-10,3744,0,396,36
EUROPE,CAMPING & HIKING,HYDRATION PACKS,2022-11,296,14.8,44,4
EUROPE,CAMPING & HIKING,HYDRATION PACKS,2023-05,860,86,70,10
EUROPE,CAMPING & HIKING,HYDRATION PACKS,2024-04,1638,114.66,312,26
EUROPE,CAMPING & HIKING,HYDRATION PACKS,2024-07,1746,261.9,306,18
EUROPE,CAMPING & HIKING,LINERS,2023-10,1290,103.6,752,42
EUROPE,CAMPING & HIKING,OTHER,2021-07,486,48.6,360,18
EUROPE,CAMPING & HIKING,OTHER,2023-09,608,12.16,72,8
EUROPE,CAMPING & HIKING,OTHER,2024-10,540,70.2,420,30
EUROPE,CAMPING & HIKING,OTHER,2024-12,656,19.68,80,8
EUROPE,CAMPING & HIKING,SLEEPING BAGS,2021-08,3536,35.36,208,26
EUROPE,CAMPING & HIKING,SLEEPING BAGS,2021-10,2212,110.6,84,14
EUROPE,CAMPING & HIKING,SLEEPING BAGS,2022-02,2904,319.44,312,24
EUROPE,CAMPING & HIKING,SLEEPING BAGS,2023-08,4864,729.6,266,38
EUROPE,CAMPING & HIKING,SLEEPING PADS,2021-04,3280,360.8,720,40
EUROPE,CAMPING & HIKING,UTENSILS & ACCESSORIES,2023-08,120,4.8,120,8
EUROPE,CLIMBING,CARABINERS & QUICKDRAWS,2024-07,400,20,110,10
EUROPE,CLIMBING,CHALK & CHALK BAGS,2021-05,320,16,96,16
EUROPE,CLIMBING,CHALK & CHALK BAGS,2021-06,420,54.6,280,14
EUROPE,CLIMBING,CHALK & CHALK BAGS,2023-02,364,18.2,154,14
EUROPE,CLIMBING,CHALK & CHALK BAGS,2024-02,114,10.26,30,6
EUROPE,CLIMBING,CLIMBING SHOES,2022-09,3484,209.04,338,26
EUROPE,CLIMBING,CLIMBING SHOES,2023-12,1392,153.12,320,16
EUROPE,CLIMBING,CLIMBING SHOES,2024-12,1360,27.2,400,20
EUROPE,CLIMBING,CRAMPONS,2021-04,512,30.72,12,2
EUROPE,CLIMBING,HARNESSES,2022-10,6358,381.48,204,34
EUROPE,CLIMBING,HELMETS,2022-04,1122,168.3,418,22
EUROPE,CLIMBING,HELMETS,2023-03,3060,0,150,30
EUROPE,CLIMBING,HELMETS,2024-03,2030,20.3,210,14
EUROPE,CLIMBING,MOUNTAINEERING BOOTS,2022-05,12246,1714.44,520,26
EUROPE,CLIMBING,MOUNTAINEERING BOOTS,2023-07,1104,22.08,120,6
EUROPE,CLIMBING,MOUNTAINEERING BOOTS,2024-03,7640,1069.6,520,40
EUROPE,CLIMBING,ROPES & SLINGS,2021-08,100,13,32,2
EUROPE,CLIMBING,ROPES & SLINGS,2021-10,4708,470.8,220,22
EUROPE,CLIMBING,ROPES & SLINGS,2023-06,808,64.64,60,4
EUROPE,CLIMBING,ROPES & SLINGS,2023-09,2576,180.32,224,28
EUROPE,CLIMBING,ROPES & SLINGS,2024-08,2356,212.04,684,38
EUROPE,CLIMBING,TRAINING EQUIPMENT,2021-07,1820,127.4,252,28
EUROPE,CLIMBING,TRAINING EQUIPMENT,2022-11,966,115.92,266,14
EUROPE,FOOTWEAR,HIKING BOOTS,2021-02,6194,61.94,304,38
EUROPE,FOOTWEAR,HIKING BOOTS,2023-02,504,75.6,36,4
EUROPE,FOOTWEAR,HIKING BOOTS,2023-09,1440,216,108,12
EUROPE,FOOTWEAR,HIKING BOOTS,2024-07,2160,259.2,400,20
EUROPE,FOOTWEAR,HIKING BOOTS,2024-11,1590,0,90,10
EUROPE,FOOTWEAR,HIKING BOOTS,2024-12,9640,1156.8,520,40
EUROPE,FOOTWEAR,OTHER,2021-05,576,11.52,60,12
EUROPE,FOOTWEAR,OTHER,2021-08,1232,98.56,98,14
EUROPE,FOOTWEAR,OTHER,2021-10,950,133,110,10
EUROPE,FOOTWEAR,OTHER,2022-07,2448,195.84,288,36
EUROPE,FOOTWEAR,OTHER,2023-10,46,6.9,34,2
EUROPE,FOOTWEAR,OTHER,2024-03,924,129.36,238,14
EUROPE,FOOTWEAR,OTHER,2024-08,2848,56.96,576,32
EUROPE,FOOTWEAR,SANDALS,2021-07,2720,27.2,480,40
EUROPE,FOOTWEAR,SANDALS,2022-12,3040,212.8,480,40
EUROPE,FOOTWEAR,SANDALS,2023-01,1590,0,240,30
EUROPE,FOOTWEAR,SANDALS,2023-05,1872,74.88,286,26
EUROPE,FOOTWEAR,SANDALS,2023-11,1742,69.68,286,26
EUROPE,FOOTWEAR,TRAIL SHOES,2021-01,4320,432,440,40
EUROPE,FOOTWEAR,TRAIL SHOES,2022-10,2640,105.6,150,30
EUROPE,FOOTWEAR,TRAIL SHOES,2023-03,2208,309.12,288,32
EUROPE,FOOTWEAR,WINTER BOOTS,2021-09,134,9.38,28,2
EUROPE,FOOTWEAR,WINTER BOOTS,2023-03,4576,320.32,352,32
EUROPE,FOOTWEAR,WINTER BOOTS,2023-07,5472,547.2,494,38
EUROPE,FOOTWEAR,WINTER BOOTS,2023-11,3836,230.16,308,28
EUROPE,FOOTWEAR,WINTER BOOTS,2024-05,6042,120.84,342,38
EUROPE,FOOTWEAR,WINTER BOOTS,2024-08,1220,85.4,240,20
EUROPE,FOOTWEAR,WINTER BOOTS,2024-10,1562,124.96,440,22
EUROPE,TRAVEL,CARRY-ONS,2022-04,1548,15.48,132,12
EUROPE,TRAVEL,CARRY-ONS,2022-07,2800,280,340,20
EUROPE,TRAVEL,CARRY-ONS,2022-08,3458,484.12,646,38
EUROPE,TRAVEL,CARRY-ONS,2023-05,756,22.68,66,6
EUROPE,TRAVEL,CARRY-ONS,2023-10,2664,319.68,120,24
EUROPE,TRAVEL,CARRY-ONS,2024-01,2160,194.4,60,12
EUROPE,TRAVEL,CARRY-ONS,2024-09,5122,102.44,260,26
EUROPE,TRAVEL,DUFFEL BAGS,2023-03,236,28.32,16,2
EUROPE,TRAVEL,OTHER,2021-10,200,30,52,4
EUROPE,TRAVEL,OTHER,2023-04,616,49.28,504,28
EUROPE,TRAVEL,PACKING ORGANIZERS,2022-04,984,127.92,144,24
EUROPE,TRAVEL,SECURITY,2022-11,1180,129.8,120,20
EUROPE,TRAVEL,SECURITY,2023-09,1332,199.8,198,18
EUROPE,TRAVEL,SECURITY,2023-12,1062,63.72,306,18
EUROPE,TRAVEL,TRAVEL ACCESSORIES,2021-02,1170,81.9,338,26
EUROPE,TRAVEL,TRAVEL ACCESSORIES,2022-01,216,12.96,432,36
EUROPE,TRAVEL,TRAVEL ACCESSORIES,2022-09,288,34.56,78,6
EUROPE,TRAVEL,TRAVEL ACCESSORIES,2023-05,172,5.16,24,4
EUROPE,TRAVEL,TRAVEL BACKPACKS,2021-03,2652,140.4,532,28
EUROPE,TRAVEL,TRAVEL BACKPACKS,2021-07,4392,614.88,648,36
EUROPE,TRAVEL,TRAVEL BACKPACKS,2022-11,640,51.2,60,10
EUROPE,TRAVEL,TRAVEL BACKPACKS,2023-05,2072,310.8,476,28
EUROPE,TRAVEL,TRAVEL BACKPACKS,2024-06,3958,203.12,344,32
EUROPE,TRAVEL,TRAVEL PILLOWS,2021-06,468,46.8,144,18
EUROPE,TRAVEL,TRAVEL PILLOWS,2022-01,546,65.52,252,14
EUROPE,TRAVEL,TRAVEL PILLOWS,2022-06,336,6.72,532,28
EUROPE,TRAVEL,TRAVEL PILLOWS,2023-03,152,22.8,60,4
EUROPE,TRAVEL,TRAVEL PILLOWS,2023-09,512,40.96,576,32
EUROPE,TRAVEL,TRAVEL PILLOWS,2024-10,1406,168.72,570,38
EUROPE,WATER SPORTS,ACCESSORIES,2022-08,3276,294.84,576,36
EUROPE,WATER SPORTS,ACCESSORIES,2023-09,884,132.6,476,34
EUROPE,WATER SPORTS,CANOES,2023-04,29460,2651.4,300,30
EUROPE,WATER SPORTS,CANOES,2023-05,5292,211.68,120,6
EUROPE,WATER SPORTS,CANOES,2023-07,2700,54,114,6
EUROPE,WATER SPORTS,CANOES,2024-03,28880,4332,380,38
EUROPE,WATER SPORTS,CANOES,2024-05,24258,485.16,416,26
EUROPE,WATER SPORTS,CANOES,2024-08,22000,880,300,20
EUROPE,WATER SPORTS,KAYAKS,2024-05,29792,1489.6,160,32
EUROPE,WATER SPORTS,KAYAKS,2024-07,16456,2303.84,176,22
EUROPE,WATER SPORTS,OTHER,2021-09,864,17.28,60,12
EUROPE,WATER SPORTS,OTHER,2024-06,780,23.4,510,30
EUROPE,WATER SPORTS,PADDLES,2022-10,720,57.6,432,24
EUROPE,WATER SPORTS,RASH GUARDS,2022-04,1092,163.8,156,26
EUROPE,WATER SPORTS,RASH GUARDS,2024-11,432,60.48,120,8
EUROPE,WATER SPORTS,RODS & REELS,2024-03,1904,114.24,224,14
EUROPE,WATER SPORTS,SAFETY GEAR,2022-03,864,129.6,608,32
EUROPE,WATER SPORTS,SURFBOARDS,2021-12,3752,262.64,88,8
EUROPE,WATER SPORTS,SURFBOARDS,2022-03,1674,100.44,72,6
EUROPE,WATER SPORTS,SURFBOARDS,2024-02,17920,2688,532,28
EUROPE,WATER SPORTS,TACKLE,2023-11,420,8.4,170,10
EUROPE,WATER SPORTS,WADERS,2023-05,2686,402.9,204,34
EUROPE,WATER SPORTS,WETSUITS,2022-06,5776,57.76,532,38
EUROPE,WATER SPORTS,WETSUITS,2022-09,2940,441,252,14
EUROPE,WATER SPORTS,WETSUITS,2024-05,7384,369.2,416,26
EUROPE,WINTER SPORTS,ACCESSORIES,2022-01,48,1.44,40,4
EUROPE,WINTER SPORTS,ACCESSORIES,2022-09,1120,145.6,800,40
EUROPE,WINTER SPORTS,ACCESSORIES,2022-12,98,3.92,16,2
EUROPE,WINTER SPORTS,BINDINGS,2024-09,3432,377.52,120,12
EUROPE,WINTER SPORTS,HELMETS,2021-09,1040,93.6,100,10
EUROPE,WINTER SPORTS,HELMETS,2022-12,4644,464.4,252,36
EUROPE,WINTER SPORTS,OTHER,2021-08,608,18.24,418,38
EUROPE,WINTER SPORTS,OTHER,2024-08,1166,81.62,110,22
EUROPE,WINTER SPORTS,POLES,2021-06,644,51.52,140,28
EUROPE,WINTER SPORTS,POLES,2023-04,1178,106.02,304,38
EUROPE,WINTER SPORTS,POLES,2023-05,3280,328,200,40
EUROPE,WINTER SPORTS,POLES,2023-06,1764,194.04,196,28
EUROPE,WINTER SPORTS,POLES,2023-08,1056,137.28,120,12
EUROPE,WINTER SPORTS,SKI BINDINGS,2021-06,4674,186.96,380,38
EUROPE,WINTER SPORTS,SKI BINDINGS,2022-03,3484,487.76,234,26
EUROPE,WINTER SPORTS,SKI BOOTS,2021-02,7546,603.68,352,22
EUROPE,WINTER SPORTS,SKI BOOTS,2022-06,11328,1019.52,256,32
EUROPE,WINTER SPORTS,SKI BOOTS,2023-01,17670,530.1,228,38
EUROPE,WINTER SPORTS,SKI BOOTS,2023-08,1344,26.88,64,4
EUROPE,WINTER SPORTS,SKI BOOTS,2024-06,4608,645.12,306,18
EUROPE,WINTER SPORTS,SKI POLES,2021-11,880,35.2,140,10
EUROPE,WINTER SPORTS,SKI POLES,2022-12,1392,55.68,180,12
EUROPE,WINTER SPORTS,SKI POLES,2023-05,4446,533.52,494,38
EUROPE,WINTER SPORTS,SKIS,2022-08,11160,223.2,480,30
EUROPE,WINTER SPORTS,SKIS,2024-12,9648,1061.28,288,18
EUROPE,WINTER SPORTS,SNOWBOARD BOOTS,2021-02,2376,71.28,440,22
EUROPE,WINTER SPORTS,SNOWBOARD BOOTS,2022-12,9960,597.6,400,40
EUROPE,WINTER SPORTS,SNOWBOARDS,2022-05,6216,870.24,120,8
EUROPE,WINTER SPORTS,SNOWSHOES,2021-06,1520,136.8,112,16
EUROPE,WINTER SPORTS,SNOWSHOES,2023-07,2988,358.56,288,18
EUROPE,WINTER SPORTS,SNOWSHOES,2024-04,1344,53.76,160,16
LATIN AMERICA,APPAREL,JACKETS & VESTS,2023-04,8080,0,640,40
LATIN AMERICA,APPAREL,JACKETS & VESTS,2024-08,5070,0,570,30
LATIN AMERICA,APPAREL,OTHER,2022-09,1764,264.6,270,18
LATIN AMERICA,APPAREL,OTHER,2023-07,1776,17.76,408,24
LATIN AMERICA,APPAREL,OTHER,2023-09,2368,94.72,640,32
LATIN AMERICA,APPAREL,OTHER,2024-01,1650,115.5,242,22
LATIN AMERICA,APPAREL,OTHER,2024-11,1488,104.16,240,24
LATIN AMERICA,APPAREL,PANTS & SHORTS,2021-01,3024,313.44,480,36
LATIN AMERICA,APPAREL,PANTS & SHORTS,2021-02,316,22.12,28,4
LATIN AMERICA,APPAREL,PANTS & SHORTS,2021-11,1156,161.84,646,34
LATIN AMERICA,APPAREL,PANTS & SHORTS,2023-02,350,17.5,70,10
LATIN AMERICA,APPAREL,PANTS & SHORTS,2024-08,3578,487.9,468,38
LATIN AMERICA,APPAREL,SHIRTS,2021-09,994,69.58,210,14
LATIN AMERICA,APPAREL,SHIRTS,2021-12,2920,233.6,320,40
LATIN AMERICA,APPAREL,SHIRTS,2022-07,336,33.6,204,12
LATIN AMERICA,APPAREL,SHIRTS,2022-10,304,42.56,88,8
LATIN AMERICA,APPAREL,SHIRTS,2023-04,2960,384.8,720,40
LATIN AMERICA,APPAREL,SHIRTS,2024-02,588,64.68,112,14
LATIN AMERICA,APPAREL,TOPS,2022-02,504,15.12,336,24
LATIN AMERICA,APPAREL,TOPS,2023-05,464,9.28,56,8
LATIN AMERICA,APPAREL,TOPS,2024-06,590,41.3,70,10
LATIN AMERICA,APPAREL,TOPS,2024-08,630,94.5,390,30
LATIN AMERICA,APPAREL,UNDERWEAR & BASE LAYERS,2021-11,588,17.64,132,12
LATIN AMERICA,APPAREL,UNDERWEAR & BASE LAYERS,2023-05,888,71.04,360,24
LATIN AMERICA,APPAREL,UNDERWEAR & BASE LAYERS,2024-06,1040,31.2,520,40
LATIN AMERICA,APPAREL,UNDERWEAR & BASE LAYERS,2024-09,144,12.96,48,4
LATIN AMERICA,CAMPING & HIKING,BACKPACKING TENTS,2021-12,3808,418.88,288,32
LATIN AMERICA,CAMPING & HIKING,BIVYS,2024-08,3060,122.4,420,30
LATIN AMERICA,CAMPING & HIKING,COOKWARE,2023-04,2052,225.72,304,38
LATIN AMERICA,CAMPING & HIKING,EXTENDED TRIP PACKS,2023-10,3684,442.08,240,12
LATIN AMERICA,CAMPING & HIKING,EXTENDED TRIP PACKS,2024-03,10764,1506.96,324,36
LATIN AMERICA,CAMPING & HIKING,FAMILY CAMPING TENTS,2024-05,3368,235.76,112,8
LATIN AMERICA,CAMPING & HIKING,FOOD & NUTRITION,2021-03,336,26.88,60,12
LATIN AMERICA,CAMPING & HIKING,HAMMOCKS,2024-12,4012,361.08,442,34
LATIN AMERICA,CAMPING & HIKING,HYDRATION PACKS,2022-09,950,38,60,10
LATIN AMERICA,CAMPING & HIKING,HYDRATION PACKS,2024-03,672,60.48,228,12
LATIN AMERICA,CAMPING & HIKING,LINERS,2021-10,984,0,168,24
LATIN AMERICA,CAMPING & HIKING,OTHER,2024-03,2160,151.2,200,40
LATIN AMERICA,CAMPING & HIKING,OVERNIGHT PACKS,2023-12,3842,153.68,646,34
LATIN AMERICA,CAMPING & HIKING,SHELTERS & TARPS,2021-07,4560,501.6,600,30
LATIN AMERICA,CAMPING & HIKING,SHELTERS & TARPS,2021-08,2156,0,560,28
LATIN AMERICA,CAMPING & HIKING,SHELTERS & TARPS,2024-02,2828,339.36,504,28
LATIN AMERICA,CAMPING & HIKING,SLEEPING BAGS,2022-02,308,21.56,14,2
LATIN AMERICA,CAMPING & HIKING,SLEEPING BAGS,2023-05,7672,613.76,224,28
LATIN AMERICA,CAMPING & HIKING,SLEEPING BAGS,2023-08,8474,593.18,684,38
LATIN AMERICA,CAMPING & HIKING,STOVES,2021-10,1952,97.6,512,32
LATIN AMERICA,CAMPING & HIKING,STOVES,2024-06,1072,85.76,136,8
LATIN AMERICA,CLIMBING,AVALANCHE SAFETY,2023-02,980,127.4,76,4
LATIN AMERICA,CLIMBING,CARABINERS & QUICKDRAWS,2022-01,1440,201.6,270,30
LATIN AMERICA,CLIMBING,CARABINERS & QUICKDRAWS,2023-02,1274,50.96,520,26
LATIN AMERICA,CLIMBING,CARABINERS & QUICKDRAWS,2023-10,26,3.64,26,2
LATIN AMERICA,CLIMBING,CHALK & CHALK BAGS,2023-03,1000,10,400,40
LATIN AMERICA,CLIMBING,CLIMBING SHOES,2023-02,3800,114,400,20
LATIN AMERICA,CLIMBING,CLIMBING SHOES,2023-12,854,25.62,196,14
LATIN AMERICA,CLIMBING,CLIMBING SHOES,2024-09,5542,221.68,340,34
LATIN AMERICA,CLIMBING,CRAMPONS,2021-10,582,11.64,28,2
LATIN AMERICA,CLIMBING,HARNESSES,2021-10,1330,186.2,180,10
LATIN AMERICA,CLIMBING,HARNESSES,2021-11,464,27.84,36,4
LATIN AMERICA,CLIMBING,HELMETS,2022-11,1452,145.2,108,12
LATIN AMERICA,CLIMBING,HELMETS,2023-07,528,73.92,78,6
LATIN AMERICA,CLIMBING,HELMETS,2023-10,642,38.52,48,6
LATIN AMERICA,CLIMBING,HELMETS,2024-06,640,32,120,10
LATIN AMERICA,CLIMBING,ICE AXES,2021-10,2200,22,320,20
LATIN AMERICA,CLIMBING,ICE AXES,2023-07,5504,330.24,352,32
LATIN AMERICA,CLIMBING,MOUNTAINEERING BOOTS,2021-04,4000,560,170,10
LATIN AMERICA,CLIMBING,MOUNTAINEERING BOOTS,2023-10,958,143.7,24,2
LATIN AMERICA,CLIMBING,ROPES & SLINGS,2021-10,3774,490.62,170,34
LATIN AMERICA,CLIMBING,TRAINING EQUIPMENT,2021-03,92,5.52,60,4
LATIN AMERICA,CLIMBING,TRAINING EQUIPMENT,2023-06,1490,163.9,180,10
LATIN AMERICA,CLIMBING,TRAINING EQUIPMENT,2023-11,1360,108.8,340,20
LATIN AMERICA,CLIMBING,TRAINING EQUIPMENT,2024-03,336,23.52,102,6
LATIN AMERICA,CLIMBING,TRAINING EQUIPMENT,2024-07,3572,214.32,532,38
LATIN AMERICA,FOOTWEAR,HIKING BOOTS,2021-01,1790,125.3,170,10
LATIN AMERICA,FOOTWEAR,HIKING BOOTS,2021-04,2004,80.16,204,12
LATIN AMERICA,FOOTWEAR,HIKING BOOTS,2022-12,3720,223.2,640,40
LATIN AMERICA,FOOTWEAR,HIKING BOOTS,2024-01,6058,484.64,520,26
LATIN AMERICA,FOOTWEAR,OTHER,2022-04,972,68.04,216,36
LATIN AMERICA,FOOTWEAR,OTHER,2022-09,1248,37.44,312,26
LATIN AMERICA,FOOTWEAR,OTHER,2024-04,248,14.88,144,8
LATIN AMERICA,FOOTWEAR,OTHER,2024-07,2184,240.24,240,24
LATIN AMERICA,FOOTWEAR,SANDALS,2021-01,868,86.8,252,14
LATIN AMERICA,FOOTWEAR,SANDALS,2021-11,528,58.08,96,16
LATIN AMERICA,FOOTWEAR,SANDALS,2023-05,2720,81.6,374,34
LATIN AMERICA,FOOTWEAR,SANDALS,2023-08,1512,45.36,384,24
LATIN AMERICA,FOOTWEAR,SANDALS,2023-09,432,51.84,324,18
LATIN AMERICA,FOOTWEAR,SANDALS,2024-01,408,36.72,60,12
LATIN AMERICA,FOOTWEAR,SANDALS,2024-08,1280,12.8,200,20
LATIN AMERICA,FOOTWEAR,TRAIL SHOES,2021-04,3434,240.38,612,34
LATIN AMERICA,FOOTWEAR,TRAIL SHOES,2021-09,3456,449.28,168,24
LATIN AMERICA,FOOTWEAR,TRAIL SHOES,2021-11,3136,125.44,320,32
LATIN AMERICA,FOOTWEAR,TRAIL SHOES,2022-09,144,5.76,18,2
LATIN AMERICA,FOOTWEAR,TRAIL SHOES,2023-02,5148,102.96,648,36
LATIN AMERICA,FOOTWEAR,TRAIL SHOES,2023-11,3168,0,320,32
LATIN AMERICA,FOOTWEAR,TRAIL SHOES,2024-05,1632,32.64,416,32
LATIN AMERICA,FOOTWEAR,WINTER BOOTS,2021-02,3120,0,260,26
LATIN AMERICA,FOOTWEAR,WINTER BOOTS,2021-07,1200,0,72,6
LATIN AMERICA,FOOTWEAR,WINTER BOOTS,2021-09,1920,172.8,480,24
LATIN AMERICA,FOOTWEAR,WINTER BOOTS,2022-09,704,84.48,144,8
LATIN AMERICA,FOOTWEAR,WINTER BOOTS,2023-03,824,107.12,120,8
LATIN AMERICA,TRAVEL,CARRY-ONS,2021-01,2072,269.36,154,14
LATIN AMERICA,TRAVEL,CARRY-ONS,2024-07,436,4.36,68,4
LATIN AMERICA,TRAVEL,DUFFEL BAGS,2023-05,496,69.44,120,8
LATIN AMERICA,TRAVEL,DUFFEL BAGS,2023-10,1232,110.88,128,16
LATIN AMERICA,TRAVEL,DUFFEL BAGS,2024-09,924,9.24,216,12
LATIN AMERICA,TRAVEL,EYE MASKS,2021-11,108,14.04,42,6
LATIN AMERICA,TRAVEL,EYE MASKS,2023-04,480,57.6,480,24
LATIN AMERICA,TRAVEL,EYE MASKS,2023-08,304,45.6,570,38
LATIN AMERICA,TRAVEL,EYE MASKS,2023-09,104,0,120,8
LATIN AMERICA,TRAVEL,EYE MASKS,2024-12,192,12.72,258,14
LATIN AMERICA,TRAVEL,OTHER,2023-01,396,55.44,228,12
LATIN AMERICA,TRAVEL,PACKING ORGANIZERS,2021-06,684,20.52,252,36
LATIN AMERICA,TRAVEL,PACKING ORGANIZERS,2021-12,1034,124.08,396,22
LATIN AMERICA,TRAVEL,PACKING ORGANIZERS,2022-04,1080,0,360,40
LATIN AMERICA,TRAVEL,PACKING ORGANIZERS,2022-05,408,48.96,408,34
LATIN AMERICA,TRAVEL,PACKING ORGANIZERS,2023-04,324,35.64,180,18
LATIN AMERICA,TRAVEL,PACKING ORGANIZERS,2023-07,616,49.28,440,22
LATIN AMERICA,TRAVEL,PACKING ORGANIZERS,2023-08,304,36.48,160,8
LATIN AMERICA,TRAVEL,PACKING ORGANIZERS,2024-04,810,48.6,144,18
LATIN AMERICA,TRAVEL,PACKING ORGANIZERS,2024-05,1196,95.68,130,26
LATIN AMERICA,TRAVEL,SECURITY,2022-01,1080,140.4,200,20
LATIN AMERICA,TRAVEL,SECURITY,2022-06,2736,273.6,684,36
LATIN AMERICA,TRAVEL,SECURITY,2023-03,684,102.6,198,18
LATIN AMERICA,TRAVEL,TRAVEL ACCESSORIES,2023-03,148,7.4,76,4
LATIN AMERICA,TRAVEL,TRAVEL ACCESSORIES,2023-04,476,14.28,308,28
LATIN AMERICA,TRAVEL,TRAVEL ACCESSORIES,2023-11,354,17.7,114,6
LATIN AMERICA,TRAVEL,TRAVEL ACCESSORIES,2024-10,2556,383.4,180,36
LATIN AMERICA,TRAVEL,TRAVEL ACCESSORIES,2024-12,160,9.6,24,2
LATIN AMERICA,TRAVEL,TRAVEL BACKPACKS,2021-10,4560,684,390,30
LATIN AMERICA,TRAVEL,TRAVEL BACKPACKS,2022-08,1188,47.52,180,12
LATIN AMERICA,TRAVEL,TRAVEL BACKPACKS,2023-10,1104,22.08,168,24
LATIN AMERICA,TRAVEL,TRAVEL PILLOWS,2022-03,744,0,120,24
LATIN AMERICA,TRAVEL,TRAVEL PILLOWS,2022-08,432,38.88,144,18
LATIN AMERICA,TRAVEL,TRAVEL PILLOWS,2023-12,330,46.2,210,30
LATIN AMERICA,WATER SPORTS,OTHER,2022-11,2850,199.5,684,38
LATIN AMERICA,WATER SPORTS,OTHER,2023-02,1888,264.32,192,32
LATIN AMERICA,WATER SPORTS,OTHER,2024-03,1936,290.4,308,22
LATIN AMERICA,WATER SPORTS,PADDLES,2022-10,2424,315.12,240,24
LATIN AMERICA,WATER SPORTS,PADDLES,2023-08,1014,123.06,462,24
LATIN AMERICA,WATER SPORTS,PADDLES,2024-04,564,0,64,4
LATIN AMERICA,WATER SPORTS,RASH GUARDS,2022-04,714,71.4,544,34
LATIN AMERICA,WATER SPORTS,RASH GUARDS,2024-11,2844,0,252,36
LATIN AMERICA,WATER SPORTS,RODS & REELS,2024-05,936,28.08,432,24
LATIN AMERICA,WATER SPORTS,SAFETY GEAR,2023-05,1378,151.58,364,26
LATIN AMERICA,WATER SPORTS,SAFETY GEAR,2023-08,300,39,144,12
LATIN AMERICA,WATER SPORTS,SAFETY GEAR,2024-09,2624,236.16,480,32
LATIN AMERICA,WATER SPORTS,SURF ACCESSORIES,2021-02,210,8.4,200,10
LATIN AMERICA,WATER SPORTS,SURF ACCESSORIES,2021-12,1100,33,400,20
LATIN AMERICA,WATER SPORTS,SURF ACCESSORIES,2023-09,3196,0,510,34
LATIN AMERICA,WATER SPORTS,SURF ACCESSORIES,2024-06,136,10.88,80,4
LATIN AMERICA,WATER SPORTS,SURFBOARDS,2023-04,10260,1333.8,540,30
LATIN AMERICA,WATER SPORTS,TACKLE,2024-07,840,117.6,384,24
LATIN AMERICA,WATER SPORTS,WADERS,2021-11,1812,108.72,240,12
LATIN AMERICA,WATER SPORTS,WADERS,2022-05,2958,236.64,272,34
LATIN AMERICA,WATER SPORTS,WETSUITS,2022-12,2288,205.92,208,26
LATIN AMERICA,WINTER SPORTS,ACCESSORIES,2021-06,3600,360,432,36
LATIN AMERICA,WINTER SPORTS,ACCESSORIES,2021-11,664,13.28,80,8
LATIN AMERICA,WINTER SPORTS,ACCESSORIES,2021-12,1800,216,480,24
LATIN AMERICA,WINTER SPORTS,ACCESSORIES,2023-11,2880,316.8,468,36
LATIN AMERICA,WINTER SPORTS,ACCESSORIES,2024-05,780,70.2,144,12
LATIN AMERICA,WINTER SPORTS,ACCESSORIES,2024-12,1350,40.5,450,30
LATIN AMERICA,WINTER SPORTS,BINDINGS,2021-11,3056,305.6,128,16
LATIN AMERICA,WINTER SPORTS,BINDINGS,2022-08,2960,207.2,360,20
LATIN AMERICA,WINTER SPORTS,BINDINGS,2023-03,924,73.92,90,6
LATIN AMERICA,WINTER SPORTS,HELMETS,2022-01,1128,135.36,96,8
LATIN AMERICA,WINTER SPORTS,POLES,2023-03,2112,0,330,22
LATIN AMERICA,WINTER SPORTS,SKI BINDINGS,2022-10,480,48,76,4
LATIN AMERICA,WINTER SPORTS,SKI BINDINGS,2023-05,7714,1157.1,190,38
LATIN AMERICA,WINTER SPORTS,SKI BINDINGS,2024-05,3600,36,360,36
LATIN AMERICA,WINTER SPORTS,SKI BINDINGS,2024-08,2570,282.7,170,10
LATIN AMERICA,WINTER SPORTS,SKI BINDINGS,2024-11,3260,391.2,400,20
LATIN AMERICA,WINTER SPORTS,SKI BOOTS,2021-12,2448,269.28,48,6
LATIN AMERICA,WINTER SPORTS,SKI POLES,2021-03,1050,42,180,30
LATIN AMERICA,WINTER SPORTS,SKI POLES,2021-05,1596,207.48,532,38
LATIN AMERICA,WINTER SPORTS,SKI POLES,2023-04,1326,39.78,468,26
LATIN AMERICA,WINTER SPORTS,SKI POLES,2023-10,2834,170.04,520,26
LATIN AMERICA,WINTER SPORTS,SKIS,2024-07,5488,0,252,14
LATIN AMERICA,WINTER SPORTS,SNOWBOARD BOOTS,2022-02,5760,806.4,180,20
LATIN AMERICA,WINTER SPORTS,SNOWBOARD BOOTS,2024-06,1108,166.2,48,4
LATIN AMERICA,WINTER SPORTS,SNOWSHOES,2022-10,400,52,64,8
LATIN AMERICA,WINTER SPORTS,SNOWSHOES,2024-10,732,102.48,84,12
MIDDLE EAST,APPAREL,JACKETS & VESTS,2023-11,7804,963.64,392,46
MIDDLE EAST,APPAREL,JACKETS & VESTS,2024-02,2330,349.5,100,10
MIDDLE EAST,APPAREL,OTHER,2021-09,2628,157.68,648,36
MIDDLE EAST,APPAREL,OTHER,2023-03,160,3.2,170,10
MIDDLE EAST,APPAREL,OTHER,2023-12,432,34.56,168,24
MIDDLE EAST,APPAREL,PANTS & SHORTS,2021-02,2660,292.6,196,28
MIDDLE EAST,APPAREL,PANTS & SHORTS,2022-08,3924,39.24,504,36
MIDDLE EAST,APPAREL,PANTS & SHORTS,2024-05,308,3.08,80,4
MIDDLE EAST,APPAREL,SHIRTS,2022-02,864,77.76,144,18
MIDDLE EAST,APPAREL,SHIRTS,2022-12,96,0,30,2
MIDDLE EAST,APPAREL,SHIRTS,2023-03,1224,85.68,336,24
MIDDLE EAST,APPAREL,SHIRTS,2023-10,1976,197.6,390,26
MIDDLE EAST,APPAREL,SHIRTS,2024-02,2528,50.56,160,32
MIDDLE EAST,APPAREL,SHIRTS,2024-03,2336,46.72,640,32
MIDDLE EAST,APPAREL,TOPS,2021-05,1344,40.32,456,24
MIDDLE EAST,APPAREL,TOPS,2022-09,400,4,208,16
MIDDLE EAST,APPAREL,TOPS,2022-10,672,26.88,544,32
MIDDLE EAST,APPAREL,TOPS,2023-01,420,25.2,252,14
MIDDLE EAST,APPAREL,UNDERWEAR & BASE LAYERS,2021-04,390,7.8,80,10
MIDDLE EAST,APPAREL,UNDERWEAR & BASE LAYERS,2021-06,160,14.4,160,8
MIDDLE EAST,APPAREL,UNDERWEAR & BASE LAYERS,2022-05,342,51.3,180,18
MIDDLE EAST,APPAREL,UNDERWEAR & BASE LAYERS,2023-06,1020,0,680,34
MIDDLE EAST,APPAREL,UNDERWEAR & BASE LAYERS,2023-09,432,17.28,168,12
MIDDLE EAST,APPAREL,UNDERWEAR & BASE LAYERS,2024-03,760,68.4,608,38
MIDDLE EAST,APPAREL,UNDERWEAR & BASE LAYERS,2024-04,1156,115.6,646,34
MIDDLE EAST,CAMPING & HIKING,BACKPACKING TENTS,2022-01,5396,809.4,494,38
MIDDLE EAST,CAMPING & HIKING,COOKWARE,2021-08,1656,149.04,72,12
MIDDLE EAST,CAMPING & HIKING,COOKWARE,2022-12,924,73.92,266,14
MIDDLE EAST,CAMPING & HIKING,COOKWARE,2023-01,1958,137.06,110,22
MIDDLE EAST,CAMPING & HIKING,DAYPACKS,2021-04,1056,63.36,112,16
MIDDLE EAST,CAMPING & HIKING,DAYPACKS,2021-05,166,21.58,18,2
MIDDLE EAST,CAMPING & HIKING,DAYPACKS,2024-05,840,16.8,96,8
MIDDLE EAST,CAMPING & HIKING,EXTENDED TRIP PACKS,2021-02,1482,222.3,96,6
MIDDLE EAST,CAMPING & HIKING,FAMILY CAMPING TENTS,2023-02,18150,1996.5,240,30
MIDDLE EAST,CAMPING & HIKING,FAMILY CAMPING TENTS,2024-03,8340,417,180,30
MIDDLE EAST,CAMPING & HIKING,FAMILY CAMPING TENTS,2024-11,13000,260,140,20
MIDDLE EAST,CAMPING & HIKING,FOOD & NUTRITION,2021-05,630,37.8,480,30
MIDDLE EAST,CAMPING & HIKING,FOOD & NUTRITION,2022-11,1440,100.8,252,36
MIDDLE EAST,CAMPING & HIKING,HYDRATION PACKS,2023-11,2640,211.2,216,24
MIDDLE EAST,CAMPING & HIKING,LINERS,2023-09,1680,235.2,532,28
MIDDLE EAST,CAMPING & HIKING,OTHER,2022-01,722,108.3,342,38
MIDDLE EAST,CAMPING & HIKING,OVERNIGHT PACKS,2022-02,1440,187.2,80,8
MIDDLE EAST,CAMPING & HIKING,OVERNIGHT PACKS,2023-02,752,82.72,96,8
MIDDLE EAST,CAMPING & HIKING,OVERNIGHT PACKS,2024-04,4428,664.2,648,36
MIDDLE EAST,CAMPING & HIKING,SHELTERS & TARPS,2024-07,80,8,36,2
MIDDLE EAST,CAMPING & HIKING,SLEEPING BAGS,2024-01,798,0,48,6
MIDDLE EAST,CAMPING & HIKING,UTENSILS & ACCESSORIES,2024-08,656,19.68,192,16
MIDDLE EAST,CLIMBING,AVALANCHE SAFETY,2022-08,1398,55.92,66,6
MIDDLE EAST,CLIMBING,AVALANCHE SAFETY,2024-08,9880,1086.8,494,38
MIDDLE EAST,CLIMBING,AVALANCHE SAFETY,2024-09,1602,0,54,6
MIDDLE EAST,CLIMBING,CARABINERS & QUICKDRAWS,2022-04,420,63,60,10
MIDDLE EAST,CLIMBING,CARABINERS & QUICKDRAWS,2024-09,340,20.4,110,10
MIDDLE EAST,CLIMBING,CHALK & CHALK BAGS,2023-08,264,18.48,456,24
MIDDLE EAST,CLIMBING,CHALK & CHALK BAGS,2024-01,720,86.4,480,40
MIDDLE EAST,CLIMBING,CLIMBING SHOES,2022-03,2576,257.6,98,14
MIDDLE EAST,CLIMBING,CLIMBING SHOES,2023-08,5016,601.92,494,38
MIDDLE EAST,CLIMBING,CRAMPONS,2021-01,5252,577.72,364,26
MIDDLE EAST,CLIMBING,CRAMPONS,2021-04,2724,27.24,96,12
MIDDLE EAST,CLIMBING,CRAMPONS,2021-07,1680,151.2,112,14
MIDDLE EAST,CLIMBING,CRAMPONS,2021-11,5746,114.92,340,34
MIDDLE EAST,CLIMBING,CRAMPONS,2022-02,2184,131.04,168,14
MIDDLE EAST,CLIMBING,CRAMPONS,2023-02,4428,132.84,252,18
MIDDLE EAST,CLIMBING,CRAMPONS,2023-04,4086,163.44,198,18
MIDDLE EAST,CLIMBING,HARNESSES,2021-08,3400,272,560,40
MIDDLE EAST,CLIMBING,HARNESSES,2023-02,130,6.5,38,2
MIDDLE EAST,CLIMBING,HELMETS,2021-06,2834,170.04,338,26
MIDDLE EAST,CLIMBING,HELMETS,2021-07,5662,679.44,532,38
MIDDLE EAST,CLIMBING,ICE AXES,2022-08,1640,65.6,48,8
MIDDLE EAST,CLIMBING,MOUNTAINEERING BOOTS,2021-03,9576,383.04,760,38
MIDDLE EAST,CLIMBING,MOUNTAINEERING BOOTS,2021-09,720,0,18,2
MIDDLE EAST,CLIMBING,MOUNTAINEERING BOOTS,2021-10,1676,0,20,4
MIDDLE EAST,CLIMBING,ROPES & SLINGS,2021-03,2340,351,510,30
MIDDLE EAST,CLIMBING,TRAINING EQUIPMENT,2021-01,1804,54.12,308,22
MIDDLE EAST,CLIMBING,TRAINING EQUIPMENT,2021-07,896,44.8,126,14
MIDDLE EAST,FOOTWEAR,HIKING BOOTS,2021-07,3528,529.2,180,18
MIDDLE EAST,FOOTWEAR,HIKING BOOTS,2022-01,740,88.8,110,10
MIDDLE EAST,FOOTWEAR,HIKING BOOTS,2023-07,10096,693.6,990,60
MIDDLE EAST,FOOTWEAR,OTHER,2021-11,3840,76.8,680,40
MIDDLE EAST,FOOTWEAR,OTHER,2022-04,1632,97.92,480,24
MIDDLE EAST,FOOTWEAR,OTHER,2022-09,1260,176.4,182,14
MIDDLE EAST,FOOTWEAR,OTHER,2022-12,400,40,64,8
MIDDLE EAST,FOOTWEAR,OTHER,2023-12,400,40,28,4
MIDDLE EAST,FOOTWEAR,OTHER,2024-05,2014,302.1,494,38
MIDDLE EAST,FOOTWEAR,SANDALS,2022-07,798,55.86,646,38
MIDDLE EAST,FOOTWEAR,SANDALS,2023-11,1748,69.92,570,38
MIDDLE EAST,FOOTWEAR,SANDALS,2024-03,1906,150.8,424,28
MIDDLE EAST,FOOTWEAR,SANDALS,2024-05,56,2.8,24,2
MIDDLE EAST,FOOTWEAR,SANDALS,2024-11,876,8.76,204,12
MIDDLE EAST,FOOTWEAR,TRAIL SHOES,2021-02,5358,0,266,38
MIDDLE EAST,FOOTWEAR,TRAIL SHOES,2021-08,208,0,56,4
MIDDLE EAST,FOOTWEAR,TRAIL SHOES,2022-01,1430,85.8,494,26
MIDDLE EAST,FOOTWEAR,TRAIL SHOES,2022-04,1460,73,100,20
MIDDLE EAST,FOOTWEAR,TRAIL SHOES,2022-05,2890,144.5,340,34
MIDDLE EAST,FOOTWEAR,TRAIL SHOES,2023-09,3520,140.8,520,40
MIDDLE EAST,FOOTWEAR,TRAIL SHOES,2023-10,3080,184.8,480,40
MIDDLE EAST,FOOTWEAR,WINTER BOOTS,2022-06,740,81.4,110,10
MIDDLE EAST,FOOTWEAR,WINTER BOOTS,2023-01,4674,467.4,456,38
MIDDLE EAST,FOOTWEAR,WINTER BOOTS,2023-07,7124,388.84,898,54
MIDDLE EAST,TRAVEL,CARRY-ONS,2021-08,3172,31.72,312,26
MIDDLE EAST,TRAVEL,DUFFEL BAGS,2022-06,2530,227.7,440,22
MIDDLE EAST,TRAVEL,DUFFEL BAGS,2023-04,1330,159.6,84,14
MIDDLE EAST,TRAVEL,DUFFEL BAGS,2023-12,564,11.28,192,12
MIDDLE EAST,TRAVEL,EYE MASKS,2021-02,286,31.46,352,22
MIDDLE EAST,TRAVEL,EYE MASKS,2022-08,476,14.28,238,34
MIDDLE EAST,TRAVEL,EYE MASKS,2024-11,440,35.2,240,40
MIDDLE EAST,TRAVEL,OTHER,2021-07,1100,132,198,22
MIDDLE EAST,TRAVEL,OTHER,2022-09,820,65.6,240,20
MIDDLE EAST,TRAVEL,OTHER,2024-06,252,22.68,90,18
MIDDLE EAST,TRAVEL,PACKING ORGANIZERS,2021-05,1764,70.56,180,36
MIDDLE EAST,TRAVEL,PACKING ORGANIZERS,2023-06,1300,65,520,26
MIDDLE EAST,TRAVEL,PACKING ORGANIZERS,2023-09,912,127.68,722,38
MIDDLE EAST,TRAVEL,PACKING ORGANIZERS,2024-08,624,31.2,336,24
MIDDLE EAST,TRAVEL,TRAVEL ACCESSORIES,2021-03,420,37.8,300,20
MIDDLE EAST,TRAVEL,TRAVEL ACCESSORIES,2021-06,126,7.56,70,14
MIDDLE EAST,TRAVEL,TRAVEL ACCESSORIES,2021-08,280,5.6,238,14
MIDDLE EAST,TRAVEL,TRAVEL ACCESSORIES,2022-03,570,68.4,210,30
MIDDLE EAST,TRAVEL,TRAVEL ACCESSORIES,2022-10,1462,0,476,34
MIDDLE EAST,TRAVEL,TRAVEL ACCESSORIES,2022-12,512,61.44,544,32
MIDDLE EAST,TRAVEL,TRAVEL ACCESSORIES,2023-01,54,1.62,22,2
MIDDLE EAST,TRAVEL,TRAVEL ACCESSORIES,2024-01,1984,238.08,192,32
MIDDLE EAST,TRAVEL,TRAVEL ACCESSORIES,2024-12,676,0,312,26
MIDDLE EAST,TRAVEL,TRAVEL BACKPACKS,2023-08,3874,193.7,468,26
MIDDLE EAST,TRAVEL,TRAVEL PILLOWS,2021-02,78,7.02,72,6
MIDDLE EAST,TRAVEL,TRAVEL PILLOWS,2021-04,960,57.6,432,24
MIDDLE EAST,TRAVEL,TRAVEL PILLOWS,2021-06,792,79.2,540,36
MIDDLE EAST,TRAVEL,TRAVEL PILLOWS,2024-04,288,31.68,456,24
MIDDLE EAST,WATER SPORTS,ACCESSORIES,2023-08,2640,334.4,460,60
MIDDLE EAST,WATER SPORTS,ACCESSORIES,2023-09,850,17,50,10
MIDDLE EAST,WATER SPORTS,ACCESSORIES,2024-09,1764,211.68,90,18
MIDDLE EAST,WATER SPORTS,CANOES,2023-01,10968,109.68,60,12
MIDDLE EAST,WATER SPORTS,CANOES,2024-01,13374,1471.14,198,18
MIDDLE EAST,WATER SPORTS,CANOES,2024-02,11360,113.6,240,20
MIDDLE EAST,WATER SPORTS,KAYAKS,2021-06,21570,1941.3,240,30
MIDDLE EAST,WATER SPORTS,KAYAKS,2021-09,31776,1906.56,416,32
MIDDLE EAST,WATER SPORTS,KAYAKS,2022-06,19950,399,180,30
MIDDLE EAST,WATER SPORTS,KAYAKS,2023-02,9720,583.2,288,36
MIDDLE EAST,WATER SPORTS,KAYAKS,2024-05,4764,476.4,54,6
MIDDLE EAST,WATER SPORTS,KAYAKS,2024-10,2262,45.24,78,6
MIDDLE EAST,WATER SPORTS,OTHER,2021-10,216,28.08,160,8
MIDDLE EAST,WATER SPORTS,OTHER,2022-05,1102,55.1,266,38
MIDDLE EAST,WATER SPORTS,OTHER,2024-08,1580,0,320,20
MIDDLE EAST,WATER SPORTS,PADDLES,2024-05,2890,28.9,578,34
MIDDLE EAST,WATER SPORTS,PADDLES,2024-09,1440,72,240,12
MIDDLE EAST,WATER SPORTS,PADDLES,2024-10,242,9.68,36,2
MIDDLE EAST,WATER SPORTS,RODS & REELS,2024-11,798,103.74,108,6
MIDDLE EAST,WATER SPORTS,SAFETY GEAR,2021-08,1420,28.4,120,20
MIDDLE EAST,WATER SPORTS,SAFETY GEAR,2022-03,1022,153.3,154,14
MIDDLE EAST,WATER SPORTS,TACKLE,2022-03,600,90,312,24
MIDDLE EAST,WATER SPORTS,WADERS,2022-02,656,6.56,72,8
MIDDLE EAST,WATER SPORTS,WADERS,2023-03,170,8.5,16,2
MIDDLE EAST,WATER SPORTS,WADERS,2023-11,2240,246.4,420,28
MIDDLE EAST,WATER SPORTS,WETSUITS,2022-03,690,96.6,60,10
MIDDLE EAST,WATER SPORTS,WETSUITS,2023-01,1452,14.52,132,22
MIDDLE EAST,WATER SPORTS,WETSUITS,2023-04,4194,167.76,306,18
MIDDLE EAST,WATER SPORTS,WETSUITS,2024-03,1400,98,392,28
MIDDLE EAST,WINTER SPORTS,ACCESSORIES,2021-08,510,71.4,180,10
MIDDLE EAST,WINTER SPORTS,BINDINGS,2021-03,7424,148.48,480,32
MIDDLE EAST,WINTER SPORTS,BINDINGS,2022-03,4116,452.76,280,14
MIDDLE EAST,WINTER SPORTS,BINDINGS,2022-04,5720,400.4,330,22
MIDDLE EAST,WINTER SPORTS,BINDINGS,2024-01,3120,0,192,12
MIDDLE EAST,WINTER SPORTS,HELMETS,2024-08,3900,351,286,26
MIDDLE EAST,WINTER SPORTS,HELMETS,2024-09,2280,319.2,240,40
MIDDLE EAST,WINTER SPORTS,OTHER,2023-10,1736,69.44,420,28
MIDDLE EAST,WINTER SPORTS,POLES,2024-07,1344,134.4,408,24
MIDDLE EAST,WINTER SPORTS,SKI BINDINGS,2022-02,4340,651,200,20
MIDDLE EAST,WINTER SPORTS,SKI BINDINGS,2023-07,11280,1466.4,480,40
MIDDLE EAST,WINTER SPORTS,SKI BINDINGS,2023-08,4662,233.1,432,32
MIDDLE EAST,WINTER SPORTS,SKI POLES,2022-03,680,47.6,72,8
MIDDLE EAST,WINTER SPORTS,SNOWBOARD BOOTS,2021-09,306,30.6,40,2
MIDDLE EAST,WINTER SPORTS,SNOWBOARDS,2021-08,11946,238.92,198,22
MIDDLE EAST,WINTER SPORTS,SNOWBOARDS,2023-11,14400,1296,360,24
MIDDLE EAST,WINTER SPORTS,SNOWSHOES,2024-06,5220,313.2,180,30
NORTH AMERICA,APPAREL,JACKETS & VESTS,2021-12,3360,235.2,532,28
NORTH AMERICA,APPAREL,JACKETS & VESTS,2022-02,552,55.2,36,6
NORTH AMERICA,APPAREL,JACKETS & VESTS,2022-08,2904,29.04,308,22
NORTH AMERICA,APPAREL,JACKETS & VESTS,2023-05,5190,155.7,180,30
NORTH AMERICA,APPAREL,JACKETS & VESTS,2024-02,896,116.48,288,16
NORTH AMERICA,APPAREL,JACKETS & VESTS,2024-03,4282,471.02,408,46
NORTH AMERICA,APPAREL,OTHER,2021-08,1786,17.86,684,38
NORTH AMERICA,APPAREL,OTHER,2022-07,1246,62.3,84,14
NORTH AMERICA,APPAREL,OTHER,2022-10,220,11,32,4
NORTH AMERICA,APPAREL,OTHER,2024-11,2412,120.6,540,36
NORTH AMERICA,APPAREL,PANTS & SHORTS,2022-05,1820,254.8,448,28
NORTH AMERICA,APPAREL,PANTS & SHORTS,2024-07,1232,36.96,352,22
NORTH AMERICA,APPAREL,SHIRTS,2021-05,256,28.16,88,8
NORTH AMERICA,APPAREL,SHIRTS,2021-12,900,135,180,20
NORTH AMERICA,APPAREL,SHIRTS,2023-07,300,30,48,6
NORTH AMERICA,APPAREL,SHIRTS,2023-12,2128,255.36,190,38
NORTH AMERICA,APPAREL,SHIRTS,2024-09,600,6,108,12
NORTH AMERICA,APPAREL,SHIRTS,2024-11,3040,334.4,600,40
NORTH AMERICA,APPAREL,TOPS,2022-04,1600,0,280,40
NORTH AMERICA,APPAREL,TOPS,2023-12,294,20.58,238,14
NORTH AMERICA,APPAREL,UNDERWEAR & BASE LAYERS,2023-03,100,9,44,4
NORTH AMERICA,APPAREL,UNDERWEAR & BASE LAYERS,2024-01,1280,102.4,280,40
NORTH AMERICA,CAMPING & HIKING,BACKPACKING TENTS,2022-06,2224,222.4,128,16
NORTH AMERICA,CAMPING & HIKING,BACKPACKING TENTS,2022-10,6888,413.28,456,24
NORTH AMERICA,CAMPING & HIKING,COOKWARE,2023-02,5168,671.84,494,38
NORTH AMERICA,CAMPING & HIKING,COOKWARE,2023-03,1800,162,192,24
NORTH AMERICA,CAMPING & HIKING,COOKWARE,2024-09,1924,87.72,392,20
NORTH AMERICA,CAMPING & HIKING,DAYPACKS,2023-10,192,13.44,114,6
NORTH AMERICA,CAMPING & HIKING,DAYPACKS,2024-03,3330,66.6,300,30
NORTH AMERICA,CAMPING & HIKING,DAYPACKS,2024-09,1470,44.1,160,10
NORTH AMERICA,CAMPING & HIKING,FAMILY CAMPING TENTS,2021-02,8680,434,400,40
NORTH AMERICA,CAMPING & HIKING,FAMILY CAMPING TENTS,2023-09,6874,412.44,112,14
NORTH AMERICA,CAMPING & HIKING,FOOD & NUTRITION,2024-10,576,80.64,408,24
NORTH AMERICA,CAMPING & HIKING,HAMMOCKS,2021-02,2860,343.2,380,20
NORTH AMERICA,CAMPING & HIKING,HAMMOCKS,2022-04,1820,218.4,308,28
NORTH AMERICA,CAMPING & HIKING,HYDRATION PACKS,2021-04,1854,278.1,342,18
NORTH AMERICA,CAMPING & HIKING,LINERS,2023-10,288,20.16,160,16
NORTH AMERICA,CAMPING & HIKING,LINERS,2024-03,420,8.4,126,14
NORTH AMERICA,CAMPING & HIKING,OTHER,2023-12,2784,139.2,640,32
NORTH AMERICA,CAMPING & HIKING,OVERNIGHT PACKS,2023-06,2532,227.88,192,12
NORTH AMERICA,CAMPING & HIKING,SHELTERS & TARPS,2021-04,636,6.36,66,6
NORTH AMERICA,CAMPING & HIKING,SHELTERS & TARPS,2021-08,1860,93,96,12
NORTH AMERICA,CAMPING & HIKING,SHELTERS & TARPS,2022-03,1456,29.12,140,28
NORTH AMERICA,CAMPING & HIKING,SLEEPING BAGS,2021-03,1710,0,110,10
NORTH AMERICA,CAMPING & HIKING,SLEEPING BAGS,2021-08,13270,533.52,450,58
NORTH AMERICA,CAMPING & HIKING,SLEEPING BAGS,2023-07,1776,124.32,80,16
NORTH AMERICA,CAMPING & HIKING,SLEEPING BAGS,2024-02,5184,777.6,576,36
NORTH AMERICA,CAMPING & HIKING,SLEEPING PADS,2021-10,1144,22.88,112,8
NORTH AMERICA,CAMPING & HIKING,SLEEPING PADS,2022-02,2106,273.78,182,26
NORTH AMERICA,CAMPING & HIKING,UTENSILS & ACCESSORIES,2021-10,816,24.48,340,34
NORTH AMERICA,CAMPING & HIKING,UTENSILS & ACCESSORIES,2023-12,132,11.88,286,22
NORTH AMERICA,CLIMBING,AVALANCHE SAFETY,2023-11,11514,230.28,570,38
NORTH AMERICA,CLIMBING,AVALANCHE SAFETY,2024-08,5280,105.6,192,12
NORTH AMERICA,CLIMBING,CHALK & CHALK BAGS,2024-04,352,0,440,22
NORTH AMERICA,CLIMBING,CLIMBING SHOES,2021-10,3744,224.64,180,36
NORTH AMERICA,CLIMBING,CLIMBING SHOES,2023-04,1428,85.68,180,12
NORTH AMERICA,CLIMBING,CLIMBING SHOES,2024-03,1372,13.72,112,14
NORTH AMERICA,CLIMBING,CLIMBING SHOES,2024-11,4176,334.08,360,24
NORTH AMERICA,CLIMBING,CRAMPONS,2023-02,828,16.56,72,6
NORTH AMERICA,CLIMBING,CRAMPONS,2024-11,1000,30,160,10
NORTH AMERICA,CLIMBING,HARNESSES,2023-03,3876,116.28,408,34
NORTH AMERICA,CLIMBING,HELMETS,2024-12,1072,10.72,192,16
NORTH AMERICA,CLIMBING,ICE AXES,2022-12,2072,310.8,152,8
NORTH AMERICA,CLIMBING,ICE AXES,2023-04,2190,306.6,60,10
NORTH AMERICA,CLIMBING,ICE AXES,2024-09,4280,214,400,40
NORTH AMERICA,CLIMBING,MOUNTAINEERING BOOTS,2021-11,7756,155.12,336,28
NORTH AMERICA,CLIMBING,MOUNTAINEERING BOOTS,2022-11,4300,645,60,10
NORTH AMERICA,CLIMBING,OTHER,2024-12,812,81.2,532,28
NORTH AMERICA,CLIMBING,ROPES & SLINGS,2022-06,3712,334.08,176,16
NORTH AMERICA,CLIMBING,ROPES & SLINGS,2024-03,5566,667.92,154,22
NORTH AMERICA,CLIMBING,TRAINING EQUIPMENT,2022-06,4932,147.96,612,36
NORTH AMERICA,CLIMBING,TRAINING EQUIPMENT,2022-07,760,60.8,494,38
NORTH AMERICA,FOOTWEAR,HIKING BOOTS,2021-07,220,24.2,24,2
NORTH AMERICA,FOOTWEAR,HIKING BOOTS,2023-05,2990,388.7,156,26
NORTH AMERICA,FOOTWEAR,HIKING BOOTS,2023-07,8246,659.68,304,38
NORTH AMERICA,FOOTWEAR,OTHER,2022-09,2380,47.6,272,34
NORTH AMERICA,FOOTWEAR,OTHER,2023-10,970,135.8,160,10
NORTH AMERICA,FOOTWEAR,OTHER,2024-11,324,22.24,104,12
NORTH AMERICA,FOOTWEAR,SANDALS,2021-03,912,127.68,480,24
NORTH AMERICA,FOOTWEAR,SANDALS,2022-05,92,13.8,36,2
NORTH AMERICA,FOOTWEAR,SANDALS,2022-09,2660,239.4,418,38
NORTH AMERICA,FOOTWEAR,SANDALS,2022-10,1376,206.4,320,32
NORTH AMERICA,FOOTWEAR,TRAIL SHOES,2021-10,1416,42.48,180,12
NORTH AMERICA,FOOTWEAR,TRAIL SHOES,2022-06,316,3.16,32,4
NORTH AMERICA,FOOTWEAR,TRAIL SHOES,2022-07,268,8.04,72,4
NORTH AMERICA,FOOTWEAR,TRAIL SHOES,2023-11,1540,231,330,22
NORTH AMERICA,FOOTWEAR,TRAIL SHOES,2024-09,582,23.28,72,6
NORTH AMERICA,FOOTWEAR,WINTER BOOTS,2023-01,1550,170.5,130,10
NORTH AMERICA,FOOTWEAR,WINTER BOOTS,2023-04,6042,664.62,608,38
NORTH AMERICA,TRAVEL,CARRY-ONS,2022-02,1080,129.6,80,10
NORTH AMERICA,TRAVEL,CARRY-ONS,2023-07,624,49.92,84,12
NORTH AMERICA,TRAVEL,DUFFEL BAGS,2023-01,106,1.06,10,2
NORTH AMERICA,TRAVEL,EYE MASKS,2021-07,364,29.9,624,52
NORTH AMERICA,TRAVEL,EYE MASKS,2023-12,60,3.6,204,12
NORTH AMERICA,TRAVEL,EYE MASKS,2024-05,208,24.96,80,16
NORTH AMERICA,TRAVEL,OTHER,2021-04,320,38.4,240,40
NORTH AMERICA,TRAVEL,OTHER,2021-06,1584,15.84,648,36
NORTH AMERICA,TRAVEL,OTHER,2022-06,100,6,20,2
NORTH AMERICA,TRAVEL,PACKING ORGANIZERS,2021-02,1008,141.12,480,24
NORTH AMERICA,TRAVEL,PACKING ORGANIZERS,2022-01,1680,252,280,40
NORTH AMERICA,TRAVEL,PACKING ORGANIZERS,2024-04,760,30.4,304,38
NORTH AMERICA,TRAVEL,PACKING ORGANIZERS,2024-09,504,15.12,324,18
NORTH AMERICA,TRAVEL,SECURITY,2023-01,420,42,600,30
NORTH AMERICA,TRAVEL,SECURITY,2023-02,408,40.8,90,6
NORTH AMERICA,TRAVEL,SECURITY,2024-06,200,4,100,20
NORTH AMERICA,TRAVEL,TRAVEL ACCESSORIES,2024-03,1444,57.76,228,38
NORTH AMERICA,TRAVEL,TRAVEL BACKPACKS,2023-01,548,54.8,52,4
NORTH AMERICA,TRAVEL,TRAVEL BACKPACKS,2023-06,2880,57.6,240,16
NORTH AMERICA,TRAVEL,TRAVEL BACKPACKS,2023-09,2412,289.44,432,36
NORTH AMERICA,TRAVEL,TRAVEL BACKPACKS,2024-01,2704,27.04,80,16
NORTH AMERICA,TRAVEL,TRAVEL PILLOWS,2022-06,56,0,28,4
NORTH AMERICA,WATER SPORTS,ACCESSORIES,2021-11,70,2.1,24,2
NORTH AMERICA,WATER SPORTS,ACCESSORIES,2024-11,1372,54.88,308,28
NORTH AMERICA,WATER SPORTS,KAYAKS,2021-02,12834,128.34,270,18
NORTH AMERICA,WATER SPORTS,KAYAKS,2024-10,13286,132.86,154,14
NORTH AMERICA,WATER SPORTS,PADDLES,2021-01,2358,188.64,180,18
NORTH AMERICA,WATER SPORTS,PADDLES,2021-08,5434,543.4,228,38
NORTH AMERICA,WATER SPORTS,PADDLES,2022-01,344,20.64,80,8
NORTH AMERICA,WATER SPORTS,PADDLES,2024-08,1290,180.6,390,30
NORTH AMERICA,WATER SPORTS,RASH GUARDS,2022-06,288,43.2,96,12
NORTH AMERICA,WATER SPORTS,RASH GUARDS,2024-01,264,15.84,56,4
NORTH AMERICA,WATER SPORTS,SAFETY GEAR,2024-01,1152,103.68,128,16
NORTH AMERICA,WATER SPORTS,SURF ACCESSORIES,2021-09,132,9.24,20,4
NORTH AMERICA,WATER SPORTS,SURF ACCESSORIES,2022-02,64,9.6,34,2
NORTH AMERICA,WATER SPORTS,SURF ACCESSORIES,2023-08,184,16.56,14,2
NORTH AMERICA,WATER SPORTS,SURF ACCESSORIES,2024-10,3040,334.4,640,40
NORTH AMERICA,WATER SPORTS,SURFBOARDS,2021-06,15840,475.2,760,40
NORTH AMERICA,WATER SPORTS,TACKLE,2022-06,666,93.24,216,18
NORTH AMERICA,WATER SPORTS,WADERS,2022-12,6562,459.34,612,34
NORTH AMERICA,WATER SPORTS,WADERS,2024-09,752,97.76,48,8
NORTH AMERICA,WATER SPORTS,WETSUITS,2022-05,506,40.48,32,2
NORTH AMERICA,WINTER SPORTS,ACCESSORIES,2023-03,768,84.48,336,24
NORTH AMERICA,WINTER SPORTS,BINDINGS,2023-03,1590,159,54,6
NORTH AMERICA,WINTER SPORTS,BINDINGS,2023-12,2980,357.6,90,10
NORTH AMERICA,WINTER SPORTS,BINDINGS,2024-05,6480,259.2,480,24
NORTH AMERICA,WINTER SPORTS,BINDINGS,2024-10,8096,647.68,512,32
NORTH AMERICA,WINTER SPORTS,HELMETS,2021-04,1944,0,324,18
NORTH AMERICA,WINTER SPORTS,HELMETS,2024-11,132,18.48,16,2
NORTH AMERICA,WINTER SPORTS,OTHER,2023-07,134,2.68,36,2
NORTH AMERICA,WINTER SPORTS,OTHER,2024-05,1760,176,220,20
NORTH AMERICA,WINTER SPORTS,OTHER,2024-08,228,2.28,52,4
NORTH AMERICA,WINTER SPORTS,POLES,2024-02,598,35.88,312,26
NORTH AMERICA,WINTER SPORTS,POLES,2024-06,2184,218.4,120,24
NORTH AMERICA,WINTER SPORTS,SKI POLES,2022-08,648,58.32,96,6
NORTH AMERICA,WINTER SPORTS,SKIS,2022-05,23712,2371.2,380,38
NORTH AMERICA,WINTER SPORTS,SKIS,2023-06,26280,2102.4,560,40
NORTH AMERICA,WINTER SPORTS,SKIS,2023-11,11286,902.88,308,22
NORTH AMERICA,WINTER SPORTS,SKIS,2024-04,8960,0,240,16
NORTH AMERICA,WINTER SPORTS,SNOWBOARD BOOTS,2022-03,1680,84,120,6
NORTH AMERICA,WINTER SPORTS,SNOWBOARD BOOTS,2024-04,6300,504,390,30
NORTH AMERICA,WINTER SPORTS,SNOWBOARDS,2023-01,23320,466.4,280,40
NORTH AMERICA,WINTER SPORTS,SNOWBOARDS,2024-09,11568,925.44,192,16
NORTH AMERICA,WINTER SPORTS,SNOWSHOES,2022-01,6086,852.04,476,34
NORTH AMERICA,WINTER SPORTS,SNOWSHOES,2022-12,1170,152.1,100,10
NORTH AMERICA,WINTER SPORTS,SNOWSHOES,2024-10,3880,440.4,266,32
,,,,,,,